@article{ajiboye:2005,
    title = {{A heuristic fuzzy logic approach to EMG pattern recognition for multifunctional prosthesis control}},
    year = {2005},
    journal = {IEEE Transactions on Neural Systems and Rehabilitation Engineering},
    author = {Ajiboye, Abidemi Bolu and Weir, Richard F Ff},
    number = {3},
    pages = {280--291},
    volume = {13},
    isbn = {1534-4320},
    doi = {10.1109/TNSRE.2005.847357},
    issn = {15344320},
    pmid = {16200752},
    keywords = {Clustering, Electromyogram (EMG), Fuzzy logic, Heuristics, Multifunctional control, Myoelectric prostheses, Pattern recognition}
}

@article{edwards:2015,
    title = {{Application of real-time machine learning to myoelectric prosthesis control: A case series in adaptive switching}},
    year = {2015},
    journal = {Prosthetics and Orthotics International},
    author = {Edwards, A. L. and Dawson, M. R. and Hebert, J. S. and Sherstan, C. and Sutton, R. S. and Chan, K. M. and Pilarski, P. M.},
    pages = {1--9},
    url = {http://poi.sagepub.com/content/early/2015/09/30/0309364615605373.abstract},
    doi = {10.1177/0309364615605373},
    issn = {0309-3646},
    pmid = {26423106},
    keywords = {27 july 2015, 31 december 2014, accepted, date received, prosthetic design, prosthetics, rehabilitation, rehabilitation of amputees, upper limb prosthetics}
}

@article{Park1998EMGTechniques.,
    title = {{EMG pattern recognition based on artificial intelligence techniques.}},
    year = {1998},
    journal = {IEEE transactions on rehabilitation engineering : a publication of the IEEE Engineering in Medicine and Biology Society},
    author = {Park, S H and Lee, S P},
    number = {4},
    pages = {400--405},
    volume = {6},
    isbn = {1063-6528},
    doi = {10.1109/86.736154},
    issn = {1063-6528},
    pmid = {9865887}
}

@article{Rafiee2011FeatureProsthetics,
    title = {{Feature extraction of forearm EMG signals for prosthetics}},
    year = {2011},
    journal = {Expert Systems with Applications},
    author = {Rafiee, J. and Rafiee, M. A. and Yavari, F. and Schoen, M. P.},
    number = {4},
    pages = {4058--4067},
    volume = {38},
    publisher = {Elsevier Ltd},
    url = {http://dx.doi.org/10.1016/j.eswa.2010.09.068},
    isbn = {0957-4174},
    doi = {10.1016/j.eswa.2010.09.068},
    issn = {09574174},
    keywords = {EMG, Feature extraction, Mother wavelet, Prosthetics, Robotic hand, Signal classification, Signal processing}
}

@article{Chan2000FuzzyControl,
    title = {{Fuzzy EMG classification for prosthesis control}},
    year = {2000},
    journal = {IEEE Transactions on Rehabilitation Engineering},
    author = {Chan, F. H Y and Yang, Y. S. and Lam, F. K. and Zhang, Y. T. and Parker, P. A.},
    number = {3},
    pages = {305--311},
    volume = {8},
    isbn = {1063-6528},
    doi = {10.1109/86.867872},
    issn = {10636528},
    pmid = {11001510},
    keywords = {Classification, Electromyography (EMG), Fuzzy logic, Neural network, Prosthesis}
}

@article{Atzori2016EffectHands,
    title = {{Effect of clinical parameters on the control of myoelectric robotic prosthetic hands}},
    year = {2016},
    journal = {Journal of Rehabilitation Research and Development},
    author = {Atzori, Manfredo and Gijsberts, Arjan and Castellini, Claudio and Caputo, Barbara and Hager, Anne-Gabrielle Mittaz and Elsig, Simone and Giatsidis, Giorgio and Bassetto, Franco and M{\"{u}}ller, Henning},
    number = {3},
    pages = {345--358},
    volume = {53},
    url = {http://www.rehab.research.va.gov/jour/2016/533/pdf/JRRD-2014-09-0218.pdf},
    doi = {10.1682/JRRD.2014.09.0218},
    issn = {0748-7711}
}

@inproceedings{Seo2015EMG-basedMovement,
    title = {{EMG-based prosthetic hand control system inspired by missing-hand movement}},
    year = {2015},
    booktitle = {2015 12th International Conference on Ubiquitous Robots and Ambient Intelligence, URAI 2015},
    author = {Seo, Minsang and Yoon, Dukchan and Kim, Junghoon and Choi, Youngjin},
    pages = {290--291},
    isbn = {9781467379700},
    doi = {10.1109/URAI.2015.7358955},
    keywords = {EMG, prosthetic hand, trans-radial amputee}
}

@article{Fajardo2015GalileoProsthetic,
    title = {{Galileo Bionic Hand: sEMG Activated Approaches for a Multifunction Upper-Limb Prosthetic}},
    year = {2015},
    journal = {2015 Ieee Thirty Fifth Central American and Panama Convention (Concapan Xxxv)},
    author = {Fajardo, Julio and Lemus, Ali and Rohmer, Eric},
    number = {Concapan Xxxv},
    isbn = {978-1-4673-7872-7},
    keywords = {Upper-Limb Prostheses; Electromyography; Embedded}
}

@article{Cene2016Upper-limbProcessing,
    title = {{Upper-limb movement classification through logistic regression sEMG signal processing}},
    year = {2016},
    journal = {2015 Latin-America Congress on Computational Intelligence, LA-CCI 2015},
    author = {Cene, Vinicius Horn and Balbinot, Alexandre},
    number = {3},
    isbn = {9781467384186},
    doi = {10.1109/LA-CCI.2015.7435940},
    keywords = {Computational Intelligence, Electromyography, Logistic Regression, Myoelectric Signals, Upper Limb Prostheses}
}

@article{Lee1984TheRecognition,
    title = {{The Control of a Prosthetic Arm by EMG Pattern Recognition}},
    year = {1984},
    journal = {IEEE Transactions on Automatic Control},
    author = {Lee, Sukhan and Saridis, George N.},
    number = {4},
    pages = {290--302},
    volume = {29},
    doi = {10.1109/TAC.1984.1103521},
    issn = {15582523}
}

@article{Nissler2016OpticalForearm,
    title = {{Optical myography: Detecting finger movements by looking at the forearm}},
    year = {2016},
    journal = {Frontiers in Neurorobotics},
    author = {Nissler, Christian and Mouriki, Nikoleta and Castellini, Claudio},
    number = {APR},
    volume = {10},
    doi = {10.3389/fnbot.2016.00003},
    issn = {16625218},
    keywords = {Computer vision, Hand prostheses, Human-machine interface, Myography, Rehabilitation robotics}
}

@inproceedings{Sanford2015SurfaceDevice,
    title = {{Surface EMG and intra-socket force measurement to control a prosthetic device}},
    year = {2015},
    booktitle = {Proceedings of SPIE},
    author = {Sanford, Joe and Patterson, Rita and Popa, Dan},
    pages = {94940C},
    volume = {9494},
    url = {http://proceedings.spiedigitallibrary.org/proceeding.aspx?doi=10.1117/12.2177399},
    isbn = {9781628416107},
    doi = {10.1117/12.2177399},
    issn = {0277786X},
    keywords = {assistive and rehabilitation robotics, hand biomechanics, human machine interface, physical human robot interaction, pressure sensitive robot skin}
}

@article{ChaibDraa2017SensingOptimization,
    title = {{Sensing user context and habits for run-time energy optimization}},
    year = {2017},
    journal = {EURASIP Journal on Embedded Systems},
    author = {Chaib Draa, Ismat and Niar, Smail and Tayeb, Jamel and Grislin, Emmanuelle and Desertot, Mikael},
    number = {1},
    pages = {4},
    volume = {2017},
    publisher = {EURASIP Journal on Embedded Systems},
    url = {http://jes.eurasipjournals.springeropen.com/articles/10.1186/s13639-016-0036-8},
    doi = {10.1186/s13639-016-0036-8},
    issn = {1687-3963},
    keywords = {analysis, applications sequences, device, energy consumption, run-time user and application, s context}
}

@article{Ehrampoosh2016DevelopmentModels,
    title = {{Development of Myoelectric Interface Based on Pattern Recognition and Regression Based Models}},
    year = {2016},
    author = {Ehrampoosh, Armin and Yousefi-koma, Aghil and Ayati, Moosa},
    pages = {145--150},
    isbn = {9781509021697},
    keywords = {-myoelectric control, linear discriminant analysis, network, time delayed artificail neural}
}

@article{Ortiz-Catalan2014Real-timeAlgorithms,
    title = {{Real-time and simultaneous control of artificial limbs based on pattern recognition algorithms}},
    year = {2014},
    journal = {IEEE Trans Neural Syst Rehabil Eng},
    author = {Ortiz-Catalan, M and Hakansson, B and Branemark, R},
    number = {4},
    pages = {756--764},
    volume = {22},
    url = {http://www.ncbi.nlm.nih.gov/pubmed/24710833%5Cnhttp://ieeexplore.ieee.org/ielx7/7333/6848867/06744619.pdf?tp=&arnumber=6744619&isnumber=6848867},
    isbn = {1558-0210 (Electronic){\textbackslash}r1534-4320 (Linking)},
    doi = {10.1109/TNSRE.2014.2305097},
    issn = {15344320},
    pmid = {24710833},
    keywords = {*Artificial Limbs, Action Potentials/physiology, Algorithms, Artificial Intelligence, Computer Systems, Electromyography/*methods, Feedback, Physiological/physiology, Hand/*physiology, Humans, Movement/*physiology, Muscle Contraction/*physiology, Muscle, Skeletal/*physiology, Pattern Recognition, Automated/*methods}
}

@article{Strazzulla2016OnlineLearning,
    title = {{Online Bimanual Manipulation Using Surface Electromyography and Incremental Learning}},
    year = {2016},
    journal = {IEEE Transactions on Neural Systems and Rehabilitation Engineering},
    author = {Strazzulla, Ilaria and Nowak, Markus and Controzzi, Marco and Cipriani, Christian and Castellini, Claudio},
    number = {c},
    pages = {1--1},
    volume = {4320},
    url = {http://ieeexplore.ieee.org/document/7460959/},
    doi = {10.1109/TNSRE.2016.2554884},
    issn = {1534-4320}
}

@article{Novak2013PredictingTechnologies,
    title = {{Predicting targets of human reaching motions using different sensing technologies}},
    year = {2013},
    journal = {IEEE Transactions on Biomedical Engineering},
    author = {Novak, Domen and Omlin, Ximena and Leins-Hess, Rebecca and Riener, Robert},
    number = {9},
    pages = {2645--2654},
    volume = {60},
    isbn = {0018-9294},
    doi = {10.1109/TBME.2013.2262455},
    issn = {15582531},
    pmid = {23674417},
    keywords = {Human-computer interaction, intention detection, machine learning, physiology, sensor fusion}
}

@article{Atzori2016DeepHands,
    title = {{Deep learning with convolutional neural networks applied to electromyography data: A resource for the classification of movements for prosthetic hands}},
    year = {2016},
    journal = {Frontiers in Neurorobotics},
    author = {Atzori, Manfredo and Cognolato, Matteo and M{\"{u}}ller, Henning},
    number = {SEP},
    pages = {1--10},
    volume = {10},
    doi = {10.3389/fnbot.2016.00009},
    issn = {16625218},
    pmid = {27656140},
    keywords = {Convolutional neural networks, Deep learning, Electromyography, Machine learning, Prosthetics, Rehabilitation robotics}
}

@inproceedings{Cipriani2011InfluenceStudy,
    title = {{Influence of the weight actions of the hand prosthesis on the performance of pattern recognition based myoelectric control: Preliminary study}},
    year = {2011},
    booktitle = {Proceedings of the Annual International Conference of the IEEE Engineering in Medicine and Biology Society, EMBS},
    author = {Cipriani, Christian and Sassu, Rossella and Controzzi, Marco and Carrozza, Maria Chiara},
    pages = {1620--1623},
    isbn = {9781424441211},
    doi = {10.1109/IEMBS.2011.6090468},
    issn = {1557170X},
    pmid = {22254633},
    arxivId = {NIHMS150003}
}

@article{Wirta1963PATTERN-RECOGNITIONA,
    title = {{PATTERN-RECOGNITION ARM PROSTHESIS : A HISTORICAL PERSPECTIVE—A FINAL REPORT a}},
    year = {1963},
    journal = {Nonr},
    author = {Wirta, Roy W and SMEb Donald Taylor, B R and E E F Ray Finley, B S and Dc, Ph},
    number = {00},
    volume = {4292},
    issn = {0007-506X},
    pmid = {365281},
    keywords = {above-elbow amputee, myoelectric prosthesis, prosthesis}
}

@article{Amsuss2014Self-correctingControl,
    title = {{Self-correcting pattern recognition system of surface EMG signals for upper limb prosthesis control}},
    year = {2014},
    journal = {IEEE Transactions on Biomedical Engineering},
    author = {Amsuss, Sebastian and Goebel, Peter M. and Jiang, Ning and Graimann, Bernhard and Paredes, Liliana and Farina, Dario},
    number = {4},
    pages = {1167--1176},
    volume = {61},
    isbn = {0018-9294},
    doi = {10.1109/TBME.2013.2296274},
    issn = {15582531},
    pmid = {24658241},
    keywords = {Artificial neural networks (ANNs), myoelectric control, pattern recognition (PR), robustness, upper limb prostheses}
}